@book{scherer2010computational,
  title     = {Computational Physics},
  author    = {Scherer, Philipp OJ},
  year      = {2010},
  publisher = {Springer}
}

@book{boas2006mathematical,
  title     = {Mathematical methods in the physical sciences},
  author    = {Boas, Mary L},
  year      = {2006},
  publisher = {John Wiley \& Sons}
}

@book{butkov1988fisica,
  title     = {F{\'\i}sica matem{\'a}tica},
  author    = {Butkov, Eugene},
  volume    = {1},
  year      = {1988},
  publisher = {Livros T{\'e}cnicos e Cient{\'\i}ficos}
}

@book{stickler2016basic,
  title     = {Basic concepts in computational physics},
  author    = {Stickler, Benjamin A and Stickler, Benjamin A},
  year      = {2016},
  publisher = {Springer}
}

@misc{pang1999introduction,
  title     = {An introduction to computational physics},
  author    = {Pang, Tao},
  year      = {1999},
  publisher = {American Association of Physics Teachers}
}
